@article{Kilbertus19,
  author    = {Niki Kilbertus and
               Manuel Gomez{-}Rodriguez and
               Bernhard Sch{\"{o}}lkopf and
               Krikamol Muandet and
               Isabel Valera},
  title     = {Improving Consequential Decision Making under Imperfect Predictions},
  journal   = {CoRR},
  volume    = {abs/1902.02979},
  year      = {2019},
  url       = {http://arxiv.org/abs/1902.02979},
  archivePrefix = {arXiv},
  eprint    = {1902.02979},
  timestamp = {Tue, 21 May 2019 18:03:36 +0200},
  biburl    = {https://dblp.org/rec/bib/journals/corr/abs-1902-02979},
  bibsource = {dblp computer science bibliography, https://dblp.org}
}

@article{Zafar19,
  author  = {Muhammad Bilal Zafar and Isabel Valera and Manuel Gomez-Rodriguez and Krishna P. Gummadi},
  title   = { Fairness Constraints: A Flexible Approach for Fair Classification },
  journal = {Journal of Machine Learning Research},
  year    = {2019},
  volume  = {20},
  number  = {75},
  pages   = {1-42},
  url     = {http://jmlr.org/papers/v20/18-262.html}
}

@article{Woodworth17,
  author    = {Blake E. Woodworth and
               Suriya Gunasekar and
               Mesrob I. Ohannessian and
               Nathan Srebro},
  title     = {Learning Non-Discriminatory Predictors},
  journal   = {CoRR},
  volume    = {abs/1702.06081},
  year      = {2017},
  url       = {http://arxiv.org/abs/1702.06081},
  archivePrefix = {arXiv},
  eprint    = {1702.06081},
  timestamp = {Mon, 13 Aug 2018 16:48:35 +0200},
  biburl    = {https://dblp.org/rec/bib/journals/corr/WoodworthGOS17},
  bibsource = {dblp computer science bibliography, https://dblp.org}
}

@book{Boyd04,
 author = {Boyd, Stephen and Vandenberghe, Lieven},
 title = {Convex Optimization},
 year = {2004},
 isbn = {0521833787},
 publisher = {Cambridge University Press},
 address = {New York, NY, USA},
} 

